@book{halzen,
    author    = "F. Halzen and A. Martin",
    title     = "Quarks and Leptons: An Introductory Course in Modern Particle Physics",
    year      = "1984",
    publisher = "Wiley \& Sons"
}

@book{Peskin:257493,
      author        = "Peskin, Michael E and Schroeder, Daniel V",
      title         = "{An introduction to quantum field theory}",
      publisher     = "Westview",
      address       = "Boulder, CO",
      year          = "1995",
      url           = "https://cds.cern.ch/record/257493",
      note          = "Includes exercises",
}